<record xmlns="http://www.loc.gov/MARC21/slim" xmlns:xsi="http://www.w3.org/2001/XMLSchema-instance" xsi:schemaLocation="http://www.loc.gov/MARC21/slim http://www.loc.gov/standards/marcxml/schema/MARC21slim.xsd"><leader>02090nam a2200397   4500</leader><controlfield tag="001">001679743</controlfield><controlfield tag="003">NNU</controlfield><controlfield tag="006">m        d        </controlfield><controlfield tag="007">cr cn |||m|||a</controlfield><controlfield tag="008">150223r19641871iq      o     000 0 ara d</controlfield><datafield ind1=" " ind2=" " tag="040"><subfield code="a">NNU</subfield><subfield code="b">eng</subfield><subfield code="c">NNU</subfield></datafield><datafield ind1="0" ind2=" " tag="041"><subfield code="a">ara</subfield><subfield code="b">ger</subfield></datafield><datafield ind1=" " ind2="4" tag="050"><subfield code="a">PJ6151</subfield><subfield code="b">.H3 1964</subfield></datafield><datafield ind1="0" ind2=" " tag="100"><subfield code="6">880-01</subfield><subfield code="a">H&#803;ari&#772;ri&#772;,</subfield><subfield code="d">1054-1122.</subfield></datafield><datafield ind1="1" ind2="0" tag="245"><subfield code="6">880-02</subfield><subfield code="a">Durrat al-ghawwa&#772;s&#803; fi&#772; awha&#772;m al-khawwa&#772;s&#803;</subfield><subfield code="h">[electronic resource] /</subfield><subfield code="c">ta&#700;li&#772;f Abi&#772; Muh&#803;ammad al-Qa&#772;sim ibn &#699;Ali&#772; al-H&#803;ari&#772;ri&#772;.</subfield></datafield><datafield ind1="1" ind2="5" tag="246"><subfield code="a">Hari&#770;ri&#770;'s Durrat-al-g&#775;awwa&#770;s&#803;</subfield></datafield><datafield ind1=" " ind2=" " tag="260"><subfield code="6">880-03</subfield><subfield code="a">Baghda&#772;d :</subfield><subfield code="b">Maktabat al-Muthanna&#769;,</subfield><subfield code="c">[1964?]</subfield></datafield><datafield ind1=" " ind2=" " tag="300"><subfield code="a">online resource (228, 52 p.)</subfield></datafield><datafield ind1=" " ind2=" " tag="500"><subfield code="a">Introduction in German.</subfield></datafield><datafield ind1=" " ind2=" " tag="500"><subfield code="a">Part of the Arabic Collections Online (ACO) project, contributed by New York Univeristy Libraries.</subfield></datafield><datafield ind1=" " ind2=" " tag="533"><subfield code="a">Electronic reproduction.</subfield><subfield code="b">New York, N.Y. :</subfield><subfield code="c">New York University,</subfield><subfield code="d">2015.</subfield><subfield code="5">NNU</subfield></datafield><datafield ind1=" " ind2=" " tag="534"><subfield code="p">Reprint. Originally published:</subfield><subfield code="c">Leipzig : F.C.W. Vogel, 1871.</subfield><subfield code="n">Herausgegeben von Heinrich Thorbecke.</subfield></datafield><datafield ind1=" " ind2="0" tag="650"><subfield code="a">Arabic language</subfield><subfield code="x">Syntax</subfield><subfield code="v">Early works to 1800.</subfield></datafield><datafield ind1=" " ind2="7" tag="650"><subfield code="a">Arabic language</subfield><subfield code="x">Syntax.</subfield><subfield code="2">fast</subfield><subfield code="0">(OCoLC)fst00812441</subfield></datafield><datafield ind1=" " ind2="7" tag="655"><subfield code="a">Early works.</subfield><subfield code="2">fast</subfield><subfield code="0">(OCoLC)fst01411636</subfield></datafield><datafield ind1="1" ind2=" " tag="700"><subfield code="a">Thorbecke, Heinrich,</subfield><subfield code="d">1837-1890.</subfield></datafield><datafield ind1="2" ind2=" " tag="710"><subfield code="a">New York University.</subfield><subfield code="b">Libraries.</subfield></datafield><datafield ind1="0" ind2=" " tag="730"><subfield code="a">Arabic Collections Online.</subfield></datafield><datafield ind1="0" ind2="8" tag="776"><subfield code="i">Online version:</subfield><subfield code="a">H&#803;ari&#772;ri&#772;, 1054-1122.</subfield><subfield code="t">Durrat al-ghawwa&#772;s&#803; fi&#772; awha&#772;m al-khawwa&#772;s&#803;</subfield><subfield code="d">Baghda&#772;d : Maktabat al-Muthanna&#769;, [1964?]</subfield><subfield code="w">(OCoLC)577250799</subfield></datafield><datafield ind1="0" ind2="8" tag="776"><subfield code="i">Print version:</subfield><subfield code="a">H&#803;ari&#772;ri&#772;, 1054-1122.</subfield><subfield code="t">Durrat al-ghawwa&#772;s&#803; fi&#772; awha&#772;m al-khawwa&#772;s&#803;</subfield><subfield code="w">(NNU)001679743</subfield><subfield code="w">(DLC)ne 67001705</subfield></datafield><datafield ind1="4" ind2="0" tag="856"><subfield code="u">http://hdl.handle.net/2333.1/d2547g26</subfield></datafield><datafield ind1="0" ind2=" " tag="880"><subfield code="6">100-01/</subfield><subfield code="a">&#1581;&#1585;&#1610;&#1585;&#1610;&#1548;</subfield><subfield code="d">1054-1122.</subfield></datafield><datafield ind1="1" ind2="0" tag="880"><subfield code="6">245-02/</subfield><subfield code="a">&#1583;&#1585;&#1577; &#1575;&#1604;&#1594;&#1608;&#1575;&#1589; &#1601;&#1610; &#1571;&#1608;&#1607;&#1575;&#1605; &#1575;&#1604;&#1582;&#1608;&#1575;&#1589; /</subfield><subfield code="c">&#1578;&#1571;&#1604;&#1610;&#1601; &#1571;&#1576;&#1610; &#1605;&#1581;&#1605;&#1583; &#1575;&#1604;&#1602;&#1575;&#1587;&#1605; &#1576;&#1606; &#1593;&#1604;&#1610; &#1575;&#1604;&#1581;&#1585;&#1610;&#1585;&#1610;.</subfield></datafield><datafield ind1=" " ind2=" " tag="880"><subfield code="6">260-03/</subfield><subfield code="a">&#1576;&#1594;&#1583;&#1575;&#1583; :</subfield><subfield code="b">&#1605;&#1603;&#1578;&#1576;&#1577; &#1575;&#1604;&#1605;&#1579;&#1606;&#1609;&#1548;</subfield><subfield code="c">[1964?]</subfield></datafield><datafield ind1=" " ind2=" " tag="959"><subfield code="a">NNU</subfield><subfield code="b">WEB</subfield><subfield code="c">GENI</subfield><subfield code="t">0</subfield><subfield code="m">Electronic access</subfield><subfield code="s">01</subfield></datafield><datafield ind1=" " ind2=" " tag="999"><subfield code="i">NNU_001679743</subfield><subfield code="s">nyu_aco000245</subfield><subfield code="e">(ERROR-880)</subfield></datafield></record>